
@inproceedings{rizkallah2018formal,
  title={A Formal Equational Theory for Call-By-Push-Value},
  author={Rizkallah, Christine and Garbuzov, Dmitri and Zdancewic, Steve},
  booktitle={International Conference on Interactive Theorem Proving},
  pages={523--541},
  year={2018},
  organization={Springer}
}

@inproceedings{forster2019call,
  title={Call-by-push-value in Coq: operational, equational, and denotational theory},
  author={Forster, Yannick and Sch{\"a}fer, Steven and Spies, Simon and Stark, Kathrin},
  booktitle={Proceedings of the 8th ACM SIGPLAN International Conference on Certified Programs and Proofs},
  pages={118--131},
  year={2019},
  organization={ACM}
}
