%%%% WARNING! AUTOMATICALLY CREATED BIBFILE
%%%% DO NOT EDIT! ALL CHANGES WILL BE LOST!

@STRING{acm	= "ACM" }
@STRING{aml	= "AML" }
@STRING{csl07	= "CSL'07" }
@STRING{ctcs95	= "CTCS'95" }
@STRING{entcs	= "ENTCS" }
@STRING{flops04	= "FLOPS'04" }
@STRING{hosc	= "HOSC" }
@STRING{ieee	= "IEEE CS Press" }
@STRING{infcomp	= "Inf. Comput." }
@STRING{jfp	= "JFP" }
@STRING{jlc	= "JLC" }
@STRING{lics01	= "LICS'01" }
@STRING{lics91	= "LICS'91" }
@STRING{lncs	= "LNCS" }
@STRING{lpar10	= "LPAR'10" }
@STRING{mit	= "MIT Press" }
@STRING{mpc98	= "MPC'98" }
@STRING{popl04	= "POPL'04" }
@STRING{popl09	= "POPL'09" }
@STRING{popl17	= "POPL'17" }
@STRING{popl96	= "POPL'96" }
@STRING{ppdp99	= "PPDP'99" }
@STRING{springer= "Springer" }
@STRING{tlca01	= "TLCA'01" }

@InProceedings{	  brockNannestadSchuermann:lpar10,
  author	= {Taus Brock{-}Nannestad and Carsten Sch{\"{u}}rmann},
  title		= {Focused Natural Deduction},
  booktitle	= lpar10,
  year		= 2010,
  crossref	= {DBLP:conf/lpar/2010y},
  doi		= {10.1007/978-3-642-16242-8\_12},
  timestamp	= {Tue, 23 May 2017 01:12:10 +0200},
  biburl	= {https://dblp.org/rec/bib/conf/lpar/Brock-NannestadS10},
  bibsource	= {dblp computer science bibliography, https://dblp.org}
}

@Article{	  mcBridePaterson:applicative,
  author	= {Conor McBride and Ross Paterson},
  title		= {Applicative programming with effects},
  journal	= jfp,
  volume	= 18,
  number	= 1,
  year		= 2008,
  doi		= {10.1017/S0956796807006326},
  timestamp	= {Fri, 02 Nov 2018 09:31:48 +0100},
  biburl	= {https://dblp.org/rec/bib/journals/jfp/McbrideP08},
  bibsource	= {dblp computer science bibliography, https://dblp.org}
}

@InProceedings{	  scherer:popl17,
  author	= {Gabriel Scherer},
  title		= {Deciding equivalence with sums and the empty type},
  booktitle	= popl17,
  year		= {2017},
  crossref	= {DBLP:conf/popl/2017},
  timestamp	= {Wed, 28 Dec 2016 13:22:29 +0100},
  biburl	= {https://dblp.org/rec/bib/conf/popl/Scherer17},
  bibsource	= {dblp computer science bibliography, https://dblp.org}
}

@Book{		  mitchell:foundations,
  author	= {John Mitchell},
  title		= {Foundations of Programming Languages},
  series	= {Foundation of computing series},
  publisher	= mit,
  year		= 1996,
  timestamp	= {Wed, 27 Apr 2011 17:30:32 +0200},
  biburl	= {https://dblp.org/rec/bib/books/daglib/0085577},
  bibsource	= {dblp computer science bibliography, https://dblp.org}
}

@Article{	  matthes:shortproofs,
  author	= {Felix Joachimski and Ralph Matthes},
  title		= {Short proofs of normalization for the simply-typed
		  lambda-calculus, permutative conversions and
		  {G}{\"{o}}del's {T}},
  journal	= aml,
  year		= 2003,
  volume	= 42,
  number	= 1,
  doi		= {10.1007/s00153-002-0156-9},
  timestamp	= {Sat, 27 May 2017 14:23:40 +0200},
  biburl	= {https://dblp.org/rec/bib/journals/aml/JoachimskiM03},
  bibsource	= {dblp computer science bibliography, https://dblp.org}
}

@InProceedings{	  krishnaswami:popl09,
  author	= {Neelakantan R. Krishnaswami},
  title		= {Focusing on pattern matching},
  booktitle	= popl09,
  year		= {2009},
  crossref	= {DBLP:conf/popl/2009},
  doi		= {10.1145/1480881.1480927},
  timestamp	= {Tue, 22 May 2012 15:24:56 +0200},
  biburl	= {https://dblp.org/rec/bib/conf/popl/Krishnaswami09},
  bibsource	= {dblp computer science bibliography, https://dblp.org}
}

@InProceedings{	  filinski:semAccountTDPE,
  author	= {Andrzej Filinski},
  title		= {A Semantic Account of Type-Directed Partial Evaluation},
  booktitle	= ppdp99,
  publisher	= springer,
  series	= lncs,
  volume	= {1702},
  year		= {1999},
  bibsource	= {DBLP, http://dblp.uni-trier.de}
}

@InProceedings{	  filinski:tlca01,
  author	= {Andrzej Filinski},
  title		= {Normalization by Evaluation for the Computational
		  Lambda-Calculus},
  booktitle	= tlca01,
  year		= {2001},
  crossref	= {DBLP:conf/tlca/2001},
  doi		= {10.1007/3-540-45413-6\_15},
  timestamp	= {Wed, 17 May 2017 14:24:41 +0200},
  biburl	= {https://dblp.org/rec/bib/conf/tlca/Filinski01},
  bibsource	= {dblp computer science bibliography, https://dblp.org}
}

@InProceedings{	  danvy:popl96,
  author	= {Olivier Danvy},
  title		= {Type-Directed Partial Evaluation},
  booktitle	= popl96,
  year		= {1996},
  crossref	= {DBLP:conf/popl/1996},
  doi		= {10.1145/237721.237784},
  timestamp	= {Tue, 06 Nov 2018 11:07:43 +0100},
  biburl	= {https://dblp.org/rec/bib/conf/popl/Danvy96},
  bibsource	= {dblp computer science bibliography, https://dblp.org}
}

@PhDThesis{	  zeilberger:PhD,
  author	= {Noam Zeilberger},
  title		= {The Logical Basis of Evaluation Order and
		  Pattern-Matching},
  school	= {Carnegie Mellon University},
  year		= 2009
}

@Article{	  andreoli:focusing,
  author	= {Jean{-}Marc Andreoli},
  title		= {Logic Programming with Focusing Proofs in Linear Logic},
  journal	= jlc,
  volume	= 2,
  number	= 3,
  year		= 1992,
  doi		= {10.1093/logcom/2.3.297},
  timestamp	= {Wed, 17 May 2017 14:25:56 +0200},
  biburl	= {https://dblp.org/rec/bib/journals/logcom/Andreoli92},
  bibsource	= {dblp computer science bibliography, https://dblp.org}
}

@InProceedings{	  bergerSchwichtenberg:lics91,
  author	= "Ulrich Berger and Helmut Schwichtenberg",
  title		= "An Inverse to the Evaluation Functional for Typed
		  $\lambda$-calculus",
  booktitle	= lics91,
  year		= 1991,
  crossref	= {DBLP:conf/lics/1991},
  doi		= {10.1109/LICS.1991.151645},
  timestamp	= {Thu, 25 May 2017 00:42:41 +0200},
  biburl	= {http://dblp.uni-trier.de/rec/bib/conf/lics/BergerS91},
  bibsource	= {dblp computer science bibliography, http://dblp.org}
}

@Book{		  prawitz:natDed,
  author	= {Dag Prawitz},
  title		= {Natural Deduction},
  publisher	= {Almqvist \& Wiksell, Stockholm},
  year		= 1965
}

@PhDThesis{	  barral:PhD,
  author	= {Freiric Barral},
  title		= {Decidability for non-standard conversions in
		  lambda-calculus},
  school	= {Ludwig-Maximilians-University Munich},
  year		= 2008
}

@Article{	  moggi:infcomp91,
  author	= {Eugenio Moggi},
  title		= {Notions of Computation and Monads},
  journal	= infcomp,
  volume	= 93,
  number	= 1,
  year		= 1991,
  doi		= {10.1016/0890-5401(91)90052-4},
  timestamp	= {Wed, 14 Nov 2018 10:35:08 +0100},
  biburl	= {https://dblp.org/rec/bib/journals/iandc/Moggi91},
  bibsource	= {dblp computer science bibliography, https://dblp.org}
}

@InProceedings{	  bird:nested,
  author	= {Richard S. Bird and Lambert G. L. T. Meertens},
  title		= {Nested Datatypes},
  booktitle	= mpc98,
  year		= {1998},
  crossref	= {DBLP:conf/mpc/1998},
  doi		= {10.1007/BFb0054285},
  timestamp	= {Tue, 23 May 2017 11:53:58 +0200},
  biburl	= {https://dblp.org/rec/bib/conf/mpc/BirdM98},
  bibsource	= {dblp computer science bibliography, https://dblp.org}
}

@InProceedings{	  balatDiCosmoFiore:popl04,
  author	= {Vincent Balat and Roberto Di Cosmo and Marcelo P. Fiore},
  title		= {Extensional normalisation and type-directed partial
		  evaluation for typed lambda calculus with sums},
  booktitle	= popl04,
  year		= {2004},
  crossref	= {DBLP:conf/popl/2004},
  doi		= {10.1145/964001.964007},
  timestamp	= {Tue, 06 Nov 2018 11:07:43 +0100},
  biburl	= {https://dblp.org/rec/bib/conf/popl/BalatCF04},
  bibsource	= {dblp computer science bibliography, https://dblp.org}
}

@InProceedings{	  altenkirchHofmannStreicher:ctcs95,
  author	= {Thorsten Altenkirch and Martin Hofmann and Thomas
		  Streicher},
  title		= {Categorical Reconstruction of a Reduction Free
		  Normalization Proof},
  booktitle	= ctcs95,
  year		= 1995,
  crossref	= {DBLP:conf/ctcs/1995},
  doi		= {10.1007/3-540-60164-3_27},
  timestamp	= {Sat, 20 May 2017 15:32:51 +0200},
  biburl	= {https://dblp.org/rec/bib/conf/ctcs/AltenkirchHS95},
  bibsource	= {dblp computer science bibliography, https://dblp.org}
}

@InProceedings{	  altenkirchUustalu:flops04,
  author	= {Thorsten Altenkirch and Tarmo Uustalu},
  title		= {Normalization by Evaluation for $\lambda^{\to2}$},
  booktitle	= flops04,
  year		= 2004,
  crossref	= {DBLP:conf/flops/2004},
  doi		= {10.1007/978-3-540-24754-8\_19},
  timestamp	= {Mon, 29 May 2017 16:53:44 +0200},
  biburl	= {https://dblp.org/rec/bib/conf/flops/AltenkirchU04},
  bibsource	= {dblp computer science bibliography, https://dblp.org}
}

@InProceedings{	  altenkirchDybjerHofmannScott:lics01,
  author	= {Thorsten Altenkirch and Peter Dybjer and Martin Hofmann
		  and Philip J. Scott},
  title		= {Normalization by Evaluation for Typed Lambda Calculus with
		  Coproducts},
  booktitle	= lics01,
  year		= 2001,
  crossref	= {DBLP:conf/lics/2001},
  doi		= {10.1109/LICS.2001.932506},
  timestamp	= {Fri, 02 Nov 2018 09:34:47 +0100},
  biburl	= {https://dblp.org/rec/bib/conf/lics/AltenkirchDHS01},
  bibsource	= {dblp computer science bibliography, https://dblp.org}
}

@Article{	  levy:hosc06,
  author	= {Paul Blain Levy},
  title		= {Call-by-push-value: Decomposing call-by-value and
		  call-by-name},
  journal	= hosc,
  volume	= 19,
  number	= 4,
  year		= 2006,
  doi		= {10.1007/s10990-006-0480-6},
  timestamp	= {Fri, 26 May 2017 22:50:49 +0200},
  biburl	= {https://dblp.org/rec/bib/journals/lisp/Levy06},
  bibsource	= {dblp computer science bibliography, https://dblp.org}
}

@InProceedings{	  liangMiller:csl07,
  author	= {Chuck Liang and Dale Miller},
  title		= {Focusing and Polarization in Intuitionistic Logic},
  booktitle	= csl07,
  year		= 2007,
  crossref	= {DBLP:conf/csl/2007},
  doi		= {10.1007/978-3-540-74915-8\_34},
  timestamp	= {Sun, 12 Nov 2017 16:01:30 +0100},
  biburl	= {https://dblp.org/rec/bib/conf/csl/LiangM07},
  bibsource	= {dblp computer science bibliography, https://dblp.org}
}

@Article{	  espiritoSanto:entcs17,
  author	= {Jos{\'{e}} Esp{\'{\i}}rito Santo},
  title		= {The Polarized {\(\lambda\)}-calculus},
  journal	= entcs,
  volume	= 332,
  year		= 2017,
  doi		= {10.1016/j.entcs.2017.04.010},
  timestamp	= {Fri, 30 Nov 2018 13:26:33 +0100},
  biburl	= {https://dblp.org/rec/bib/journals/entcs/Santo17},
  bibsource	= {dblp computer science bibliography, https://dblp.org}
}

@Proceedings{	  DBLP:conf/lpar/2010y,
  title		= lpar10,
  booktitle	= lpar10,
  series	= lncs,
  volume	= 6397,
  publisher	= springer,
  year		= 2010,
  doi		= {10.1007/978-3-642-16242-8},
  timestamp	= {Fri, 08 Oct 2010 13:49:16 +0200},
  biburl	= {http://dblp.uni-trier.de/rec/bib/conf/lpar/2010y},
  bibsource	= {dblp computer science bibliography, http://dblp.org}
}

@Proceedings{	  DBLP:conf/lics/1991,
  title		= lics91,
  booktitle	= lics91,
  publisher	= ieee,
  year		= 1991,
  timestamp	= {Fri, 21 Nov 2014 14:08:56 +0100},
  biburl	= {http://dblp.uni-trier.de/rec/bib/conf/lics/1991},
  bibsource	= {dblp computer science bibliography, http://dblp.org}
}

@Proceedings{	  DBLP:conf/lics/2001,
  title		= lics01,
  booktitle	= lics01,
  publisher	= ieee,
  year		= {2001},
  timestamp	= {Fri, 21 Nov 2014 14:08:56 +0100},
  biburl	= {http://dblp.uni-trier.de/rec/bib/conf/lics/2001},
  bibsource	= {dblp computer science bibliography, http://dblp.org}
}

@Proceedings{	  DBLP:conf/flops/2004,
  title		= flops04,
  booktitle	= flops04,
  publisher	= springer,
  series	= lncs,
  volume	= 2998,
  year		= 2004,
  bibsource	= {DBLP, http://dblp.uni-trier.de}
}

@Proceedings{	  DBLP:conf/mpc/1998,
  title		= mpc98,
  booktitle	= mpc98,
  series	= lncs,
  volume	= 1422,
  publisher	= springer,
  year		= 1998,
  doi		= {10.1007/BFb0054279},
  timestamp	= {Tue, 23 May 2017 11:53:58 +0200},
  biburl	= {https://dblp.org/rec/bib/conf/mpc/1998},
  bibsource	= {dblp computer science bibliography, https://dblp.org}
}

@Proceedings{	  DBLP:conf/tlca/2001,
  title		= tlca01,
  booktitle	= tlca01,
  publisher	= springer,
  series	= lncs,
  volume	= 2044,
  year		= 2001,
  bibsource	= {DBLP, http://dblp.uni-trier.de}
}

@Proceedings{	  DBLP:conf/popl/2017,
  title		= popl17,
  booktitle	= popl17,
  publisher	= acm,
  year		= 2017,
  doi		= {10.1145/3009837},
  timestamp	= {Wed, 28 Dec 2016 13:17:00 +0100},
  biburl	= {https://dblp.org/rec/bib/conf/popl/2017},
  bibsource	= {dblp computer science bibliography, https://dblp.org}
}

@Proceedings{	  DBLP:conf/popl/2009,
  title		= popl09,
  booktitle	= popl09,
  publisher	= acm,
  year		= 2009,
  ee		= {http://dl.acm.org/citation.cfm?id=1480881},
  bibsource	= {DBLP, http://dblp.uni-trier.de}
}

@Proceedings{	  DBLP:conf/popl/2004,
  title		= popl04,
  booktitle	= popl04,
  publisher	= acm,
  year		= 2004,
  timestamp	= {Tue, 22 May 2012 15:24:56 +0200},
  biburl	= {https://dblp.org/rec/bib/conf/popl/2004},
  bibsource	= {dblp computer science bibliography, https://dblp.org}
}

@Proceedings{	  DBLP:conf/popl/1996,
  title		= popl96,
  booktitle	= popl96,
  publisher	= acm,
  year		= 1996,
  ee		= {http://dl.acm.org/citation.cfm?id=237721},
  timestamp	= {Mon, 21 May 2012 16:19:50 +0200},
  biburl	= {http://dblp.uni-trier.de/rec/bib/conf/popl/1996},
  bibsource	= {dblp computer science bibliography, http://dblp.org}
}

@Proceedings{	  DBLP:conf/csl/2007,
  title		= csl07,
  booktitle	= csl07,
  series	= lncs,
  volume	= 4646,
  publisher	= springer,
  year		= 2007,
  doi		= {10.1007/978-3-540-74915-8},
  timestamp	= {Fri, 02 Jun 2017 13:01:07 +0200},
  biburl	= {https://dblp.org/rec/bib/conf/csl/2007},
  bibsource	= {dblp computer science bibliography, https://dblp.org}
}

@Proceedings{	  DBLP:conf/ctcs/1995,
  title		= ctcs95,
  booktitle	= ctcs95,
  publisher	= springer,
  series	= lncs,
  volume	= 953,
  year		= 1995,
  bibsource	= {DBLP, http://dblp.uni-trier.de}
}
