%%%% WARNING! AUTOMATICALLY CREATED BIBFILE
%%%% DO NOT EDIT! ALL CHANGES WILL BE LOST!

@STRING{acm	= "ACM Press" }
@STRING{csl93	= "Proc. of the 7th Wksh. on Computer Science Logic, CSL '93" }
@STRING{ctcs95	= "Category Theory and Computer Science, CTCS'95" }
@STRING{entcs	= "Electr. Notes in Theor. Comp. Sci." }
@STRING{hosc	= "J. Higher-Order and Symb. Comput." }
@STRING{ieee	= "IEEE Computer Soc. Press" }
@STRING{infcomp	= "Inf. Comput." }
@STRING{lics01	= "Proc. of the 16th IEEE Symp. on Logic in Computer Science
		  (LICS 2001)" }
@STRING{lics91	= "Proc. of the 6th IEEE Symp. on Logic in Computer Science
		  (LICS'91)" }
@STRING{lncs	= "Lect. Notes in Comput. Sci." }
@STRING{lpar10	= "Proc. of the 17th Int. Conf. on Logic for Programming,
		  Artificial Intelligence, and Reasoning, LPAR-17, 2010" }
@STRING{popl96	= "Proc. of the 23rd {ACM} {S}ymp. on {P}rinciples of
		  {P}rogramming {L}anguages, {POPL}'96" }
@STRING{ppdp99	= "Proc. of the Int. Conf. on Principles and Practice of
		  Declarative Programming, PPDP'99" }
@STRING{springer= "Springer" }
@STRING{tlca01	= "Proc. of the 5th Int. Conf. on Typed Lambda Calculi and
		  Applications, TLCA 2001" }

@InProceedings{	  brockNannestadSchuermann:lpar10,
  author	= {Taus Brock{-}Nannestad and Carsten Sch{\"{u}}rmann},
  title		= {Focused Natural Deduction},
  booktitle	= lpar10,
  pages		= {157--171},
  year		= 2010,
  crossref	= {DBLP:conf/lpar/2010y},
  url		= {https://doi.org/10.1007/978-3-642-16242-8\_12},
  timestamp	= {Tue, 23 May 2017 01:12:10 +0200},
  biburl	= {https://dblp.org/rec/bib/conf/lpar/Brock-NannestadS10},
  bibsource	= {dblp computer science bibliography, https://dblp.org}
}

@InProceedings{	  filinski:semAccountTDPE,
  author	= {Andrzej Filinski},
  title		= {A Semantic Account of Type-Directed Partial Evaluation},
  editor	= {Gopalan Nadathur},
  booktitle	= ppdp99,
  pages		= {378--395},
  publisher	= springer,
  series	= lncs,
  volume	= 1702,
  year		= 1999,
  crossref	= {DBLP:conf/ppdp/1999},
  url		= {https://doi.org/10.1007/10704567\_23},
  timestamp	= {Wed, 24 May 2017 15:40:43 +0200},
  biburl	= {https://dblp.org/rec/bib/conf/ppdp/Filinski99},
  bibsource	= {dblp computer science bibliography, https://dblp.org}
}

@InProceedings{	  filinski:tlca01,
  author	= {Andrzej Filinski},
  title		= {Normalization by Evaluation for the Computational
		  Lambda-Calculus},
  booktitle	= tlca01,
  pages		= {151--165},
  year		= {2001},
  crossref	= {DBLP:conf/tlca/2001},
  url		= {https://doi.org/10.1007/3-540-45413-6\_15},
  timestamp	= {Wed, 17 May 2017 14:24:41 +0200},
  biburl	= {https://dblp.org/rec/bib/conf/tlca/Filinski01},
  bibsource	= {dblp computer science bibliography, https://dblp.org}
}

@InProceedings{	  danvy:popl96,
  author	= {Olivier Danvy},
  title		= {Type-Directed Partial Evaluation},
  booktitle	= popl96,
  pages		= {242--257},
  year		= {1996},
  crossref	= {DBLP:conf/popl/1996},
  url		= {https://doi.org/10.1145/237721.237784},
  timestamp	= {Tue, 06 Nov 2018 11:07:43 +0100},
  biburl	= {https://dblp.org/rec/bib/conf/popl/Danvy96},
  bibsource	= {dblp computer science bibliography, https://dblp.org}
}

@PhDThesis{	  zeilberger:PhD,
  author	= {Noam Zeilberger},
  title		= {The Logical Basis of Evaluation Order and
		  Pattern-Matching},
  school	= {Carnegie Mellon University},
  year		= 2009,
  url		= {http://software.imdea.org/~noam.zeilberger/thesis.pdf}
}

@InProceedings{	  bergerSchwichtenberg:lics91,
  author	= "Ulrich Berger and Helmut Schwichtenberg",
  title		= "An Inverse to the Evaluation Functional for Typed
		  $\lambda$-calculus",
  booktitle	= lics91,
  year		= 1991,
  pages		= {203--211},
  crossref	= {DBLP:conf/lics/1991},
  url		= {https://doi.org/10.1109/LICS.1991.151645},
  timestamp	= {Thu, 25 May 2017 00:42:41 +0200},
  biburl	= {http://dblp.uni-trier.de/rec/bib/conf/lics/BergerS91},
  bibsource	= {dblp computer science bibliography, http://dblp.org}
}

@PhDThesis{	  barral:PhD,
  author	= {Freiric Barral},
  title		= {Decidability for non-standard conversions in
		  lambda-calculus},
  school	= {Ludwig-Maximilians-University Munich},
  year		= 2008
}

@Article{	  moggi:infcomp91,
  author	= {Eugenio Moggi},
  title		= {Notions of Computation and Monads},
  journal	= infcomp,
  volume	= 93,
  number	= 1,
  pages		= {55--92},
  year		= 1991,
  url		= {https://doi.org/10.1016/0890-5401(91)90052-4},
  timestamp	= {Wed, 14 Nov 2018 10:35:08 +0100},
  biburl	= {https://dblp.org/rec/bib/journals/iandc/Moggi91},
  bibsource	= {dblp computer science bibliography, https://dblp.org}
}

@InProceedings{	  catarina:csl93,
  author	= {Catarina Coquand},
  title		= {From Semantics to Rules: {A} Machine Assisted Analysis},
  booktitle	= csl93,
  pages		= {91--105},
  year		= {1993},
  crossref	= {DBLP:conf/csl/1993},
  url		= {https://doi.org/10.1007/BFb0049326},
  timestamp	= {Sat, 20 May 2017 15:32:50 +0200},
  biburl	= {http://dblp.uni-trier.de/rec/bib/conf/csl/Coquand93},
  bibsource	= {dblp computer science bibliography, http://dblp.org}
}

@InProceedings{	  altenkirchHofmannStreicher:ctcs95,
  author	= {Thorsten Altenkirch and Martin Hofmann and Thomas
		  Streicher},
  title		= {Categorical Reconstruction of a Reduction Free
		  Normalization Proof},
  booktitle	= ctcs95,
  year		= 1995,
  pages		= {182-199},
  crossref	= {DBLP:conf/ctcs/1995},
  url		= {https://doi.org/10.1007/3-540-60164-3_27},
  timestamp	= {Sat, 20 May 2017 15:32:51 +0200},
  biburl	= {https://dblp.org/rec/bib/conf/ctcs/AltenkirchHS95},
  bibsource	= {dblp computer science bibliography, https://dblp.org}
}

@InProceedings{	  altenkirchDybjerHofmannScott:lics01,
  author	= {Thorsten Altenkirch and Peter Dybjer and Martin Hofmann
		  and Philip J. Scott},
  title		= {Normalization by Evaluation for Typed Lambda Calculus with
		  Coproducts},
  booktitle	= lics01,
  pages		= {303--310},
  year		= 2001,
  crossref	= {DBLP:conf/lics/2001},
  url		= {https://doi.org/10.1109/LICS.2001.932506},
  timestamp	= {Fri, 02 Nov 2018 09:34:47 +0100},
  biburl	= {https://dblp.org/rec/bib/conf/lics/AltenkirchDHS01},
  bibsource	= {dblp computer science bibliography, https://dblp.org}
}

@Article{	  levy:hosc06,
  author	= {Paul Blain Levy},
  title		= {Call-by-push-value: Decomposing call-by-value and
		  call-by-name},
  journal	= hosc,
  volume	= 19,
  number	= 4,
  pages		= {377--414},
  year		= 2006,
  url		= {https://doi.org/10.1007/s10990-006-0480-6},
  timestamp	= {Fri, 26 May 2017 22:50:49 +0200},
  biburl	= {https://dblp.org/rec/bib/journals/lisp/Levy06},
  bibsource	= {dblp computer science bibliography, https://dblp.org}
}

@Article{	  espiritoSanto:entcs17,
  author	= {Jos{\'{e}} Esp{\'{\i}}rito Santo},
  title		= {The Polarized {\(\lambda\)}-calculus},
  journal	= entcs,
  volume	= 332,
  pages		= {149--168},
  year		= 2017,
  url		= {https://doi.org/10.1016/j.entcs.2017.04.010},
  timestamp	= {Fri, 30 Nov 2018 13:26:33 +0100},
  biburl	= {https://dblp.org/rec/bib/journals/entcs/Santo17},
  bibsource	= {dblp computer science bibliography, https://dblp.org}
}

@Proceedings{	  DBLP:conf/ppdp/1999,
  editor	= {Gopalan Nadathur},
  title		= ppdp99,
  booktitle	= ppdp99,
  series	= lncs,
  volume	= 1702,
  publisher	= springer,
  year		= 1999,
  url		= {https://doi.org/10.1007/10704567},
  timestamp	= {Wed, 24 May 2017 15:40:43 +0200},
  biburl	= {https://dblp.org/rec/bib/conf/ppdp/1999},
  bibsource	= {dblp computer science bibliography, https://dblp.org}
}

@Proceedings{	  DBLP:conf/lpar/2010y,
  editor	= {Christian G. Ferm{\"{u}}ller and Andrei Voronkov},
  title		= lpar10,
  booktitle	= lpar10,
  series	= lncs,
  volume	= 6397,
  publisher	= springer,
  year		= 2010,
  url		= {http://dx.doi.org/10.1007/978-3-642-16242-8},
  timestamp	= {Fri, 08 Oct 2010 13:49:16 +0200},
  biburl	= {http://dblp.uni-trier.de/rec/bib/conf/lpar/2010y},
  bibsource	= {dblp computer science bibliography, http://dblp.org}
}

@Proceedings{	  DBLP:conf/lics/1991,
  title		= lics91,
  booktitle	= lics91,
  publisher	= ieee,
  year		= 1991,
  url		= {http://ieeexplore.ieee.org/xpl/mostRecentIssue.jsp?punumber=360},
  timestamp	= {Fri, 21 Nov 2014 14:08:56 +0100},
  biburl	= {http://dblp.uni-trier.de/rec/bib/conf/lics/1991},
  bibsource	= {dblp computer science bibliography, http://dblp.org}
}

@Proceedings{	  DBLP:conf/lics/2001,
  title		= lics01,
  booktitle	= lics01,
  publisher	= ieee,
  year		= {2001},
  url		= {http://ieeexplore.ieee.org/xpl/mostRecentIssue.jsp?punumber=7424},
  timestamp	= {Fri, 21 Nov 2014 14:08:56 +0100},
  biburl	= {http://dblp.uni-trier.de/rec/bib/conf/lics/2001},
  bibsource	= {dblp computer science bibliography, http://dblp.org}
}

@Proceedings{	  DBLP:conf/tlca/2001,
  editor	= {Samson Abramsky},
  title		= tlca01,
  booktitle	= tlca01,
  publisher	= springer,
  series	= lncs,
  volume	= 2044,
  year		= 2001,
  bibsource	= {DBLP, http://dblp.uni-trier.de}
}

@Proceedings{	  DBLP:conf/popl/1996,
  editor	= {Hans-Juergen Boehm and Guy L. {Steele Jr.}},
  title		= popl96,
  booktitle	= popl96,
  publisher	= acm,
  year		= 1996,
  url		= {http://dl.acm.org/citation.cfm?id=237721},
  ee		= {http://dl.acm.org/citation.cfm?id=237721},
  timestamp	= {Mon, 21 May 2012 16:19:50 +0200},
  biburl	= {http://dblp.uni-trier.de/rec/bib/conf/popl/1996},
  bibsource	= {dblp computer science bibliography, http://dblp.org}
}

@Proceedings{	  DBLP:conf/csl/1993,
  editor	= {Egon B{\"{o}}rger and Yuri Gurevich and Karl Meinke},
  title		= csl93,
  booktitle	= csl93,
  series	= lncs,
  volume	= 832,
  publisher	= springer,
  year		= 1994,
  url		= {https://doi.org/10.1007/BFb0049319},
  timestamp	= {Sat, 20 May 2017 15:32:50 +0200},
  biburl	= {http://dblp.uni-trier.de/rec/bib/conf/csl/1993},
  bibsource	= {dblp computer science bibliography, http://dblp.org}
}

@Proceedings{	  DBLP:conf/ctcs/1995,
  editor	= {David H. Pitt and David E. Rydeheard and Peter Johnstone},
  title		= ctcs95,
  booktitle	= ctcs95,
  publisher	= springer,
  series	= lncs,
  volume	= 953,
  year		= 1995,
  bibsource	= {DBLP, http://dblp.uni-trier.de}
}
