%%%% WARNING! AUTOMATICALLY CREATED BIBFILE
%%%% DO NOT EDIT! ALL CHANGES WILL BE LOST!

@STRING{acm     = "ACM Press" }
@STRING{eptcs   = "Electronic Proceedings in Theoretical Computer Science" }
@STRING{esop14  = "Programming Languages and Systems - 23rd European
                  Symposium on Programming, {ESOP} 2014, Held as Part of the
                  European Joint Conferences on Theory and Practice of
                  Software, {ETAPS} 2014, Grenoble, France, April 5-13, 2014,
                  Proceedings" }
@STRING{hosc    = "Journal of Higher-Order and Symbolic Computation" }
@STRING{icfp10  = "Proceeding of the 15th {ACM} {SIGPLAN} international
                  conference on Functional programming, {ICFP} 2010,
                  Baltimore, Maryland, USA, September 27-29, 2010" }
@STRING{icfp14  = "Proceedings of the 19th {ACM} {SIGPLAN} international
                  conference on Functional programming, Gothenburg, Sweden,
                  September 1-3, 2014" }
@STRING{icfp16  = "Proceedings of the 21st {ACM} {SIGPLAN} International
                  Conference on Functional Programming, {ICFP} 2016, Nara,
                  Japan, September 18-22, 2016" }
@STRING{infcomp = "Information and Computation" }
@STRING{langmaack99="Correct System Design, Recent Insight and Advances, (to
                  Hans Langmaack on the occasion of his retirement from his
                  professorship at the University of Kiel)" }
@STRING{lics18  = "33rd Annual {ACM/IEEE} Symposium on Logic in Computer
                  Science, {LICS} 2018, {Oxford}, {UK}, {July} 9-12, 2018" }
@STRING{lncs    = "Lecture Notes in Computer Science" }
@STRING{msfp20  = "Proceedings Eighth Workshop on Mathematically Structured
                  Functional Programming, MSFP@ETAPS 2020, Dublin, Ireland,
                  25th April 2020" }
@STRING{popl14  = "The 41st Annual {ACM} {SIGPLAN-SIGACT} Symposium on
                  Principles of Programming Languages, {POPL} '14, San Diego,
                  CA, USA, January 20-21, 2014" }
@STRING{springer= "Springer" }
@STRING{tcs     = "Theoretical Computer Science" }
@STRING{types19abs="25th International Conference on Types for Proofs and
                  Programs, TYPES 2019, Oslo, Norway, June 11-14, 2019, Book
                  of Abstracts" }
@STRING{wadler60= "A List of Successes That Can Change the World -- Essays
                  Dedicated to Philip Wadler on the Occasion of His 60th
                  Birthday" }

@InProceedings{   mcBride:wadler60,
  author        = {Conor McBride},
  title         = {I Got Plenty o' Nuttin'},
  booktitle     = wadler60,
  pages         = {207--233},
  year          = {2016},
  crossref      = {DBLP:conf/birthday/2016wadler},
  url           = {http://dx.doi.org/10.1007/978-3-319-30936-1_12},
  doi           = {10.1007/978-3-319-30936-1_12},
  timestamp     = {Wed, 30 Mar 2016 16:55:42 +0200},
  biburl        = {http://dblp.uni-trier.de/rec/bib/conf/birthday/McBride16},
  bibsource     = {dblp computer science bibliography, http://dblp.org}
}

@Article{         volpano:jcs96,
  author        = {Dennis M. Volpano and Cynthia E. Irvine and Geoffrey
                  Smith},
  title         = {A Sound Type System for Secure Flow Analysis},
  journal       = jcs,
  volume        = 4,
  number        = {2/3},
  pages         = {167--188},
  year          = 1996,
  url           = {https://doi.org/10.3233/JCS-1996-42-304},
  doi           = {10.3233/JCS-1996-42-304},
  timestamp     = {Fri, 26 May 2017 22:53:13 +0200},
  biburl        = {https://dblp.org/rec/bib/journals/jcs/VolpanoIS96},
  bibsource     = {dblp computer science bibliography, https://dblp.org}
}

@InProceedings{   sergeyVytiniotisPeytonJones:popl14,
  author        = {Ilya Sergey and Dimitrios Vytiniotis and Simon L. {Peyton
                  Jones}},
  title         = {Modular, higher-order cardinality analysis in theory and
                  practice},
  booktitle     = popl14,
  pages         = {335--348},
  year          = {2014},
  crossref      = {DBLP:conf/popl/2014},
  url           = {http://doi.acm.org/10.1145/2535838.2535861},
  doi           = {10.1145/2535838.2535861},
  timestamp     = {Thu, 09 Jan 2014 08:32:32 +0100},
  biburl        = {http://dblp.uni-trier.de/rec/bib/conf/popl/SergeyVJ14},
  bibsource     = {dblp computer science bibliography, http://dblp.org}
}

@InProceedings{   ghicaSmith:esop14,
  author        = {Dan R. Ghica and Alex I. Smith},
  title         = {Bounded Linear Types in a Resource Semiring},
  booktitle     = esop14,
  pages         = {331--350},
  year          = 2014,
  crossref      = {DBLP:conf/esop/2014},
  url           = {https://doi.org/10.1007/978-3-642-54833-8_18},
  doi           = {10.1007/978-3-642-54833-8_18},
  timestamp     = {Fri, 19 May 2017 01:25:18 +0200},
  biburl        = {https://dblp.org/rec/bib/conf/esop/GhicaS14},
  bibsource     = {dblp computer science bibliography, https://dblp.org}
}

@InProceedings{   katsumata:popl14,
  author        = {Shin{-}ya Katsumata},
  title         = {Parametric effect monads and semantics of effect systems},
  booktitle     = popl14,
  pages         = {633--646},
  year          = {2014},
  crossref      = {DBLP:conf/popl/2014},
  url           = {https://doi.org/10.1145/2535838.2535846},
  doi           = {10.1145/2535838.2535846},
  timestamp     = {Tue, 06 Nov 2018 11:07:44 +0100},
  biburl        = {https://dblp.org/rec/conf/popl/Katsumata14.bib},
  bibsource     = {dblp computer science bibliography, https://dblp.org}
}

@InProceedings{   atkeyWood:types19,
  author        = {Robert Atkey and James Wood},
  title         = {Linear metatheory via linear algebra},
  editor        = {Marc Bezem},
  booktitle     = types19abs,
  year          = 2019,
  url           = {http://www.ii.uib.no/~bezem/program.pdf}
}

@InProceedings{   woodAtkey:linearity20,
  title         = {A Linear Algebra Approach to Linear Metatheory},
  author        = {James Wood and Robert Atkey},
  year          = {2020},
  booktitle     = {Linearity-TLLA 2020}
}

@Article{         girard:linear,
  author        = {Jean{-}Yves Girard},
  title         = {Linear Logic},
  journal       = tcs,
  volume        = 50,
  pages         = {1--102},
  year          = 1987,
  url           = {https://doi.org/10.1016/0304-3975(87)90045-4},
  doi           = {10.1016/0304-3975(87)90045-4},
  timestamp     = {Sat, 30 Dec 2017 13:59:02 +0100},
  biburl        = {https://dblp.org/rec/bib/journals/tcs/Girard87},
  bibsource     = {dblp computer science bibliography, https://dblp.org}
}

@PhDThesis{       zeilberger:PhD,
  author        = {Noam Zeilberger},
  title         = {The Logical Basis of Evaluation Order and
                  Pattern-Matching},
  school        = {Carnegie Mellon University},
  year          = 2009,
  url           = {http://software.imdea.org/~noam.zeilberger/thesis.pdf}
}

@InProceedings{   abelSattler:ppdp19,
  author        = {Andreas Abel and Christian Sattler},
  title         = {Normalization by Evaluation for Call-By-Push-Value and
                  Polarized Lambda Calculus},
  optcrossref   = {},
  optkey        = {},
  booktitle     = {Principles and Practice of Declarative Programming
                  (PPDP'19)},
  year          = {2019},
  editor        = {Ekatarina Komendantskaya},
  optvolume     = {},
  optnumber     = {},
  optseries     = {},
  optpages      = {},
  optmonth      = {},
  optaddress    = {},
  optorganization={},
  optpublisher  = {},
  optnote       = {},
  opturl        = {},
  optpostscript = {},
  optpdf        = {},
  optdvi        = {},
  optabstract   = {}
}

@InProceedings{   brunel:esop14,
  author        = {Alo{\"{\i}}s Brunel and Marco Gaboardi and Damiano Mazza
                  and Steve Zdancewic},
  title         = {A Core Quantitative Coeffect Calculus},
  booktitle     = esop14,
  pages         = {351--370},
  year          = 2014,
  crossref      = {DBLP:conf/esop/2014},
  url           = {https://doi.org/10.1007/978-3-642-54833-8_19},
  doi           = {10.1007/978-3-642-54833-8_19},
  timestamp     = {Fri, 19 May 2017 01:25:18 +0200},
  biburl        = {https://dblp.org/rec/bib/conf/esop/BrunelGMZ14},
  bibsource     = {dblp computer science bibliography, https://dblp.org}
}

@InProceedings{   reedPierce:icfp10,
  author        = {Jason Reed and Benjamin C. Pierce},
  title         = {Distance makes the types grow stronger: a calculus for
                  differential privacy},
  booktitle     = icfp10,
  pages         = {157--168},
  year          = 2010,
  crossref      = {DBLP:conf/icfp/2010},
  url           = {http://doi.acm.org/10.1145/1863543.1863568},
  doi           = {10.1145/1863543.1863568},
  timestamp     = {Thu, 14 Mar 2013 17:56:42 +0100},
  biburl        = {https://dblp.org/rec/bib/conf/icfp/ReedP10},
  bibsource     = {dblp computer science bibliography, https://dblp.org}
}

@Article{         moggi:infcomp91,
  author        = {Eugenio Moggi},
  title         = {Notions of Computation and Monads},
  journal       = infcomp,
  volume        = 93,
  number        = 1,
  pages         = {55--92},
  year          = 1991,
  url           = {https://doi.org/10.1016/0890-5401(91)90052-4},
  doi           = {10.1016/0890-5401(91)90052-4},
  timestamp     = {Wed, 14 Nov 2018 10:35:08 +0100},
  biburl        = {https://dblp.org/rec/bib/journals/iandc/Moggi91},
  bibsource     = {dblp computer science bibliography, https://dblp.org}
}

@InProceedings{   orchard:icfp14,
  author        = {Tomas Petricek and Dominic A. Orchard and Alan Mycroft},
  title         = {Coeffects: a calculus of context-dependent computation},
  booktitle     = icfp14,
  pages         = {123--135},
  year          = 2014,
  crossref      = {DBLP:conf/icfp/2014},
  url           = {http://doi.acm.org/10.1145/2628136.2628160},
  doi           = {10.1145/2628136.2628160},
  timestamp     = {Wed, 06 Sep 2017 14:36:39 +0200},
  biburl        = {https://dblp.org/rec/bib/conf/icfp/PetricekOM14},
  bibsource     = {dblp computer science bibliography, https://dblp.org}
}

@InProceedings{   orchardWadlerEades:msfp20,
  author        = {Dominic Orchard and Philip Wadler and Harley Eades III},
  title         = {Unifying graded and parameterised monads},
  booktitle     = msfp20,
  pages         = {18--38},
  year          = {2020},
  crossref      = {DBLP:journals/corr/abs-2004-14735},
  url           = {https://doi.org/10.4204/EPTCS.317.2},
  doi           = {10.4204/EPTCS.317.2},
  timestamp     = {Fri, 08 May 2020 16:00:57 +0200},
  biburl        = {https://dblp.org/rec/journals/corr/abs-2001-10274.bib},
  bibsource     = {dblp computer science bibliography, https://dblp.org}
}

@InProceedings{   orchard:icfp16,
  author        = {Marco Gaboardi and Shin{-}ya Katsumata and Dominic A.
                  Orchard and Flavien Breuvart and Tarmo Uustalu},
  title         = {Combining effects and coeffects via grading},
  booktitle     = icfp16,
  pages         = {476--489},
  year          = 2016,
  crossref      = {DBLP:conf/icfp/2016},
  url           = {http://doi.acm.org/10.1145/2951913.2951939},
  doi           = {10.1145/2951913.2951939},
  timestamp     = {Sat, 16 Sep 2017 12:08:31 +0200},
  biburl        = {https://dblp.org/rec/bib/conf/icfp/GaboardiKOBU16},
  bibsource     = {dblp computer science bibliography, https://dblp.org}
}

@InProceedings{   nielsen:effect99,
  author        = {Flemming Nielson and Hanne Riis Nielson},
  title         = {Type and Effect Systems},
  booktitle     = langmaack99,
  pages         = {114--136},
  year          = {1999},
  crossref      = {DBLP:conf/birthday/1999langmaack},
  url           = {https://doi.org/10.1007/3-540-48092-7\_6},
  doi           = {10.1007/3-540-48092-7\_6},
  timestamp     = {Tue, 14 May 2019 10:00:52 +0200},
  biburl        = {https://dblp.org/rec/conf/birthday/NielsonN99.bib},
  bibsource     = {dblp computer science bibliography, https://dblp.org}
}

@Article{         levy:hosc06,
  author        = {Paul Blain Levy},
  title         = {Call-by-push-value: Decomposing call-by-value and
                  call-by-name},
  journal       = hosc,
  volume        = 19,
  number        = 4,
  pages         = {377--414},
  year          = 2006,
  url           = {https://doi.org/10.1007/s10990-006-0480-6},
  doi           = {10.1007/s10990-006-0480-6},
  timestamp     = {Fri, 26 May 2017 22:50:49 +0200},
  biburl        = {https://dblp.org/rec/bib/journals/lisp/Levy06},
  bibsource     = {dblp computer science bibliography, https://dblp.org}
}

@InProceedings{   atkey:lics18,
  author        = {Robert Atkey},
  title         = {The Syntax and Semantics of Quantitative Type Theory},
  booktitle     = lics18,
  pages         = {56--65},
  year          = {2018},
  crossref      = {DBLP:conf/lics/2018},
  url           = {https://doi.org/10.1145/3209108.3209189},
  doi           = {10.1145/3209108.3209189},
  alturl        = {https://bentnib.org/quantitative-type-theory.html},
  timestamp     = {Wed, 21 Nov 2018 12:44:18 +0100},
  biburl        = {https://dblp.org/rec/conf/lics/Atkey18.bib},
  bibsource     = {dblp computer science bibliography, https://dblp.org}
}

@Proceedings{     DBLP:conf/birthday/1999langmaack,
  editor        = {Ernst{-}R{\"{u}}diger Olderog and Bernhard Steffen},
  title         = langmaack99,
  series        = lncs,
  volume        = 1710,
  publisher     = springer,
  year          = 1999,
  url           = {https://doi.org/10.1007/3-540-48092-7},
  doi           = {10.1007/3-540-48092-7},
  timestamp     = {Tue, 14 May 2019 10:00:52 +0200},
  biburl        = {https://dblp.org/rec/conf/birthday/1999langmaack.bib},
  bibsource     = {dblp computer science bibliography, https://dblp.org}
}

@Proceedings{     DBLP:conf/icfp/2010,
  editor        = {Paul Hudak and Stephanie Weirich},
  title         = icfp10,
  booktitle     = icfp10,
  publisher     = acm,
  year          = 2010,
  timestamp     = {Fri, 08 Oct 2010 07:46:10 +0200},
  biburl        = {https://dblp.org/rec/bib/conf/icfp/2010},
  bibsource     = {dblp computer science bibliography, https://dblp.org}
}

@Proceedings{     DBLP:conf/icfp/2016,
  editor        = {Jacques Garrigue and Gabriele Keller and Eijiro Sumii},
  title         = icfp16,
  booktitle     = icfp16,
  publisher     = acm,
  year          = 2016,
  url           = {http://doi.acm.org/10.1145/2951913},
  doi           = {10.1145/2951913},
  timestamp     = {Tue, 30 Aug 2016 13:45:53 +0200},
  biburl        = {https://dblp.org/rec/bib/conf/icfp/2016},
  bibsource     = {dblp computer science bibliography, https://dblp.org}
}

@Proceedings{     DBLP:conf/icfp/2014,
  editor        = {Johan Jeuring and Manuel M. T. Chakravarty},
  title         = icfp14,
  booktitle     = icfp14,
  publisher     = acm,
  year          = {2014},
  url           = {http://dl.acm.org/citation.cfm?id=2628136},
  timestamp     = {Thu, 20 Nov 2014 18:05:13 +0100},
  biburl        = {http://dblp.uni-trier.de/rec/bib/conf/icfp/2014},
  bibsource     = {dblp computer science bibliography, http://dblp.org}
}

@Proceedings{     DBLP:conf/esop/2014,
  editor        = {Zhong Shao},
  title         = esop14,
  booktitle     = esop14,
  series        = lncs,
  volume        = 8410,
  publisher     = springer,
  year          = 2014,
  url           = {https://doi.org/10.1007/978-3-642-54833-8},
  doi           = {10.1007/978-3-642-54833-8},
  timestamp     = {Fri, 19 May 2017 01:25:18 +0200},
  biburl        = {https://dblp.org/rec/bib/conf/esop/2014},
  bibsource     = {dblp computer science bibliography, https://dblp.org}
}

@Proceedings{     DBLP:conf/birthday/2016wadler,
  editor        = {Sam Lindley and Conor McBride and Philip W. Trinder and
                  Donald Sannella},
  title         = wadler60,
  booktitle     = wadler60,
  series        = lncs,
  volume        = 9600,
  publisher     = springer,
  year          = 2016,
  url           = {http://dx.doi.org/10.1007/978-3-319-30936-1},
  doi           = {10.1007/978-3-319-30936-1},
  timestamp     = {Wed, 30 Mar 2016 16:54:44 +0200},
  biburl        = {http://dblp.uni-trier.de/rec/bib/conf/birthday/2016wadler},
  bibsource     = {dblp computer science bibliography, http://dblp.org}
}

@Proceedings{     DBLP:conf/lics/2018,
  editor        = {Anuj Dawar and Erich Gr{\"{a}}del},
  title         = lics18,
  booktitle     = lics18,
  publisher     = acm,
  year          = {2018},
  url           = {https://doi.org/10.1145/3209108},
  doi           = {10.1145/3209108},
  timestamp     = {Wed, 21 Nov 2018 12:44:18 +0100},
  biburl        = {https://dblp.org/rec/bib/conf/lics/2018},
  bibsource     = {dblp computer science bibliography, https://dblp.org}
}

@Proceedings{     DBLP:conf/popl/2014,
  editor        = {Suresh Jagannathan and Peter Sewell},
  title         = popl14,
  booktitle     = popl14,
  publisher     = acm,
  year          = {2014},
  url           = {http://dl.acm.org/citation.cfm?id=2535838},
  timestamp     = {Thu, 09 Jan 2014 08:21:22 +0100},
  biburl        = {http://dblp.uni-trier.de/rec/bib/conf/popl/2014},
  bibsource     = {dblp computer science bibliography, http://dblp.org}
}

@Proceedings{     DBLP:journals/corr/abs-2004-14735,
  editor        = {Max S. New and Sam Lindley},
  title         = msfp20,
  series        = eptcs,
  volume        = 317,
  year          = 2020,
  url           = {https://doi.org/10.4204/EPTCS.317},
  doi           = {10.4204/EPTCS.317},
  timestamp     = {Fri, 08 May 2020 16:00:57 +0200},
  biburl        = {https://dblp.org/rec/journals/corr/abs-2004-14735.bib},
  bibsource     = {dblp computer science bibliography, https://dblp.org}
}
