%%%% WARNING! AUTOMATICALLY CREATED BIBFILE
%%%% DO NOT EDIT! ALL CHANGES WILL BE LOST!

@STRING{ctcs95	= "CTCS'95" }
@STRING{flops04	= "FLOPS'04" }
@STRING{lics01	= "LICS'01" }
@STRING{lics91	= "LICS'91" }
@STRING{lncs	= "LNCS" }
@STRING{popl04	= "POPL'04" }
@STRING{popl17	= "POPL'17" }
@STRING{popl96	= "POPL'96" }
@STRING{tlca93	= "TLCA'93" }
@STRING{tlca99	= "TLCA'99" }

@InProceedings{	  scherer:popl17,
  author	= {Gabriel Scherer},
  title		= {Deciding equivalence with sums and the empty type},
  booktitle	= popl17,
  year		= {2017},
  crossref	= {DBLP:conf/popl/2017},
  timestamp	= {Wed, 28 Dec 2016 13:22:29 +0100},
  biburl	= {https://dblp.org/rec/bib/conf/popl/Scherer17},
  bibsource	= {dblp computer science bibliography, https://dblp.org}
}

@InProceedings{	  jungTiuryn:tlca93,
  author	= {Achim Jung and Jerzy Tiuryn},
  title		= {A New Characterization of Lambda Definability},
  booktitle	= tlca93,
  year		= {1993},
  crossref	= {DBLP:conf/tlca/1993},
  timestamp	= {Sat, 20 May 2017 15:32:50 +0200},
  biburl	= {https://dblp.org/rec/bib/conf/tlca/JungT93},
  bibsource	= {dblp computer science bibliography, https://dblp.org}
}

@InProceedings{	  danvy:popl96,
  author	= {Olivier Danvy},
  title		= {Type-Directed Partial Evaluation},
  booktitle	= popl96,
  year		= {1996},
  crossref	= {DBLP:conf/popl/1996},
  timestamp	= {Tue, 06 Nov 2018 11:07:43 +0100},
  biburl	= {https://dblp.org/rec/bib/conf/popl/Danvy96},
  bibsource	= {dblp computer science bibliography, https://dblp.org}
}

@PhDThesis{	  abel:habil,
  author	= {Andreas Abel},
  title		= {Normalization by Evaluation: {D}ependent Types and
		  Impredicativity},
  school	= {Ludwig-Maximilians-Uni\-ver\-sity Munich},
  type		= {Habilitation thesis},
  year		= {2013},
  optkey	= {},
  opttype	= {},
  optaddress	= {},
  optmonth	= {},
  optpostscript	= {},
  optpdf	= {},
  optdvi	= {},
  optabstract	= {}
}

@InProceedings{	  bergerSchwichtenberg:lics91,
  author	= "Ulrich Berger and Helmut Schwichtenberg",
  title		= "An Inverse to the Evaluation Functional for Typed
		  $\lambda$-calculus",
  booktitle	= lics91,
  year		= 1991,
  crossref	= {DBLP:conf/lics/1991},
  timestamp	= {Thu, 25 May 2017 00:42:41 +0200},
  biburl	= {http://dblp.uni-trier.de/rec/bib/conf/lics/BergerS91},
  bibsource	= {dblp computer science bibliography, http://dblp.org}
}

@PhDThesis{	  barral:PhD,
  author	= {Freiric Barral},
  title		= {Decidability for non-standard conversions in
		  lambda-calculus},
  school	= {Ludwig-Maximilians-University Munich},
  year		= 2008
}

@InProceedings{	  balatDiCosmoFiore:popl04,
  author	= {Vincent Balat and Roberto Di Cosmo and Marcelo P. Fiore},
  title		= {Extensional normalisation and type-directed partial
		  evaluation for typed lambda calculus with sums},
  booktitle	= popl04,
  year		= {2004},
  crossref	= {DBLP:conf/popl/2004},
  timestamp	= {Tue, 06 Nov 2018 11:07:43 +0100},
  biburl	= {https://dblp.org/rec/bib/conf/popl/BalatCF04},
  bibsource	= {dblp computer science bibliography, https://dblp.org}
}

@InProceedings{	  fioreSimpson:tlca99,
  author	= {Marcelo P. Fiore and Alex K. Simpson},
  title		= {Lambda Definability with Sums via {Grothendieck} Logical
		  Relations},
  booktitle	= tlca99,
  year		= 1999,
  crossref	= {DBLP:conf/tlca/1999},
  timestamp	= {Sat, 30 Dec 2017 13:59:02 +0100},
  biburl	= {https://dblp.org/rec/bib/conf/tlca/FioreS99},
  bibsource	= {dblp computer science bibliography, https://dblp.org}
}

@InProceedings{	  altenkirchHofmannStreicher:ctcs95,
  author	= {Thorsten Altenkirch and Martin Hofmann and Thomas
		  Streicher},
  title		= {Categorical Reconstruction of a Reduction Free
		  Normalization Proof},
  booktitle	= ctcs95,
  year		= 1995,
  crossref	= {DBLP:conf/ctcs/1995},
  timestamp	= {Sat, 20 May 2017 15:32:51 +0200},
  biburl	= {https://dblp.org/rec/bib/conf/ctcs/AltenkirchHS95},
  bibsource	= {dblp computer science bibliography, https://dblp.org}
}

@InProceedings{	  altenkirchUustalu:flops04,
  author	= {Thorsten Altenkirch and Tarmo Uustalu},
  title		= {Normalization by Evaluation for $\lambda^{\to2}$},
  booktitle	= flops04,
  year		= 2004,
  crossref	= {DBLP:conf/flops/2004},
  timestamp	= {Mon, 29 May 2017 16:53:44 +0200},
  biburl	= {https://dblp.org/rec/bib/conf/flops/AltenkirchU04},
  bibsource	= {dblp computer science bibliography, https://dblp.org}
}

@InProceedings{	  altenkirchDybjerHofmannScott:lics01,
  author	= {Thorsten Altenkirch and Peter Dybjer and Martin Hofmann
		  and Philip J. Scott},
  title		= {Normalization by Evaluation for Typed Lambda Calculus with
		  Coproducts},
  booktitle	= lics01,
  year		= 2001,
  crossref	= {DBLP:conf/lics/2001},
  timestamp	= {Fri, 02 Nov 2018 09:34:47 +0100},
  biburl	= {https://dblp.org/rec/bib/conf/lics/AltenkirchDHS01},
  bibsource	= {dblp computer science bibliography, https://dblp.org}
}

@Proceedings{	  DBLP:conf/lics/1991,
  title		= lics91,
  booktitle	= lics91,
  year		= 1991,
  timestamp	= {Fri, 21 Nov 2014 14:08:56 +0100},
  biburl	= {http://dblp.uni-trier.de/rec/bib/conf/lics/1991},
  bibsource	= {dblp computer science bibliography, http://dblp.org}
}

@Proceedings{	  DBLP:conf/lics/2001,
  title		= lics01,
  booktitle	= lics01,
  year		= {2001},
  timestamp	= {Fri, 21 Nov 2014 14:08:56 +0100},
  biburl	= {http://dblp.uni-trier.de/rec/bib/conf/lics/2001},
  bibsource	= {dblp computer science bibliography, http://dblp.org}
}

@Proceedings{	  DBLP:conf/flops/2004,
  title		= flops04,
  booktitle	= flops04,
  series	= lncs,
  volume	= 2998,
  year		= 2004,
  bibsource	= {DBLP, http://dblp.uni-trier.de}
}

@Proceedings{	  DBLP:conf/tlca/1993,
  title		= tlca93,
  booktitle	= tlca93,
  series	= lncs,
  volume	= 664,
  year		= 1993,
  timestamp	= {Sat, 20 May 2017 15:32:50 +0200},
  biburl	= {https://dblp.org/rec/bib/conf/tlca/1993},
  bibsource	= {dblp computer science bibliography, https://dblp.org}
}

@Proceedings{	  DBLP:conf/tlca/1999,
  title		= tlca99,
  booktitle	= tlca99,
  series	= lncs,
  volume	= 1581,
  year		= 1999,
  timestamp	= {Sat, 30 Dec 2017 13:59:02 +0100},
  biburl	= {https://dblp.org/rec/bib/conf/tlca/1999},
  bibsource	= {dblp computer science bibliography, https://dblp.org}
}

@Proceedings{	  DBLP:conf/popl/2017,
  title		= popl17,
  booktitle	= popl17,
  year		= 2017,
  timestamp	= {Wed, 28 Dec 2016 13:17:00 +0100},
  biburl	= {https://dblp.org/rec/bib/conf/popl/2017},
  bibsource	= {dblp computer science bibliography, https://dblp.org}
}

@Proceedings{	  DBLP:conf/popl/2004,
  title		= popl04,
  booktitle	= popl04,
  year		= 2004,
  timestamp	= {Tue, 22 May 2012 15:24:56 +0200},
  biburl	= {https://dblp.org/rec/bib/conf/popl/2004},
  bibsource	= {dblp computer science bibliography, https://dblp.org}
}

@Proceedings{	  DBLP:conf/popl/1996,
  title		= popl96,
  booktitle	= popl96,
  year		= 1996,
  ee		= {http://dl.acm.org/citation.cfm?id=237721},
  timestamp	= {Mon, 21 May 2012 16:19:50 +0200},
  biburl	= {http://dblp.uni-trier.de/rec/bib/conf/popl/1996},
  bibsource	= {dblp computer science bibliography, http://dblp.org}
}

@Proceedings{	  DBLP:conf/ctcs/1995,
  title		= ctcs95,
  booktitle	= ctcs95,
  series	= lncs,
  volume	= 953,
  year		= 1995,
  bibsource	= {DBLP, http://dblp.uni-trier.de}
}
